@book{Hyndman.2013,
 author = {Hyndman, Rob J., and Athanasopoulos, George},
 year = {2013},
 title = {Forecasting: Principles and Practice},
 edition = {17},
 publisher = {OTexts},
 isbn = {0987507109}
}
@manual{Grubbs,
      title  = "Grubb's Test for Outliers",
      author = "Engineering Statistics Handbook, The",
      url    = "http://www.itl.nist.gov/div898/handbook/eda/section3/eda35h1.htm",
      year   = "2012 (accessed May 21, 2015)"
    }
